@InProceedings{Orso:2003:LFDIART,
  author =	 {Alessandro Orso and Taweesup Apiwattanapong and Mary
                  Jean Harrold},
  title =	 {Leveraging field data for impact analysis and
                  regression testing},
  booktitle =	 {Proceedings of the 9th European software engineering
                  conference held jointly with 11th ACM SIGSOFT
                  international symposium on Foundations of software
                  engineering},
  year =	 2003,
  isbn =	 {1-58113-743-5},
  pages =	 {128--137},
  location =	 {Helsinki, Finland},
  doi =		 {http://doi.acm.org/10.1145/940071.940089},
  publisher =	 {ACM Press},
}

@Book{Lehmann:1986:hyptest,
  author = {E.L. Lehmann},
  title = {Testing Statistical Hypotheses},
  publisher = {John Wiley \& Sons},
  edition = {2nd},
  year = {1986}
}

@Misc{Liblit:2003:CBIP,
  author =	 {Ben Liblit and Mayur Naik and Alex Aiken and Alice
                  X. Zheng and Michael I. Jordan},
  title =	 {The Cooperative Bug Isolation Project},
  howpublished = {\url{http://www.cs.berkeley.edu/~liblit/sampler}}
}

@Misc{Selinger:2003:cqual,
  author =	 {Peter Selinger},
  title =	 {\ccrypt: Secure encryption and decryption of
                  files and streams},
  howpublished = {Available at
                  \url{http://quasar.mathstat.uottawa.ca/~selinger/ccrypt}}
}
