@inproceedings{Liblit:2005:SSBI,
 author = {Ben Liblit and Mayur Naik and Alice X. Zheng and Alex Aiken and Michael I. Jordan},
 title = {Scalable statistical bug isolation},
 booktitle = {PLDI '05: Proceedings of the 2005 ACM SIGPLAN conference on Programming language design and implementation},
 year = {2005},
 isbn = {1-59593-056-6},
 pages = {15--26},
 location = {Chicago, IL, USA},
 doi = {http://doi.acm.org/10.1145/1065010.1065014},
 publisher = {ACM Press},
 address = {New York, NY, USA},
 }

@inproceedings{Liblit:2003:BIRPS,
 author = {Ben Liblit and Alex Aiken and Alice X. Zheng and Michael I. Jordan},
 title = {Bug isolation via remote program sampling},
 booktitle = {PLDI '03: Proceedings of the ACM SIGPLAN 2003 conference on Programming language design and implementation},
 year = {2003},
 isbn = {1-58113-662-5},
 pages = {141--154},
 location = {San Diego, California, USA},
 doi = {http://doi.acm.org/10.1145/781131.781148},
 publisher = {ACM Press},
 address = {New York, NY, USA},
 }
 
@PhdThesis{Liblit:2004:CBI,
  author =	 {Benjamin Robert Liblit},
  title =	 {Cooperative Bug Isolation},
  school =	 {University of California, Berkeley},
  year =	 2004,
  month =	 dec
}

@inproceedings{Zheng:2006:SDSIMB,
 author = {Alice X. Zheng and Michael I. Jordan and Ben Liblit and Mayur Naik and Alex Aiken},
 title = {Statistical debugging: simultaneous identification of multiple bugs},
 booktitle = {ICML '06: Proceedings of the 23rd international conference on Machine learning},
 year = {2006},
 isbn = {1-59593-383-2},
 pages = {1105--1112},
 location = {Pittsburgh, Pennsylvania},
 doi = {http://doi.acm.org/10.1145/1143844.1143983},
 publisher = {ACM Press},
 address = {New York, NY, USA},
 }
 
@inproceedings{1062522,
 author = {Holger Cleve and Andreas Zeller},
 title = {Locating Causes of Program Failures},
 booktitle = {ICSE '05: Proceedings of the 27th International Conference on Software Engineering},
 year = {2005},
 isbn = {1-59593-963-2},
 pages = {342--351},
 location = {St. Louis, MO, USA},
 doi = {http://doi.acm.org/10.1145/1062455.1062522}},
 }
 
@inproceedings{ renieris03fault,
 author = {M. Renieris and S. Reiss},
 title = {Fault Localization with Nearest Neighbor Queries},
 booktitle = {Automated Software Engineering, 2003. Proceedings. 18th IEEE International Conference on},
 year = {2003},
 issn = {1527-1366},
 pages = {30--39},
}
  
@article{ErnstCGN2001:TSE,
   author = {Michael D. Ernst and Jake Cockrell and William G. Griswold
	and David Notkin},
   title = {Dynamically discovering likely program invariants to support
	program evolution},
   journal = {IEEE Transactions on Software Engineering},
   volume = {27},
   number = {2},
   pages = {99--123},
   month = feb,
   year = {2001},
   note = {A previous version appeared in {\em ICSE '99, Proceedings of
	the 21st International Conference on Software Engineering}, pages
	213--224, Los Angeles, CA, USA, May~19--21, 1999}
}

@inproceedings{1081753,
 author = {Chao Liu and Xifeng Yan and Long Fei and Jiawei Han and Samuel P. Midkiff},
 title = {{SOBER}: Statistical Model-based Bug Localization},
 booktitle = {ESEC/FSE-13: Proceedings of the 10th European Software Engineering Conference held jointly with 13th ACM SIGSOFT International Symposium on Foundations of Software Engineering},
 year = {2005},
 isbn = {1-59593-014-0},
 pages = {286--295},
 location = {Lisbon, Portugal},
 doi = {http://doi.acm.org/10.1145/1081706.1081753},
 publisher = {ACM Press},
 address = {New York, NY, USA},
 }
 
@misc{ErnstDRAFT,
   author = {Nii Dodoo and Alan Donovan and Lee Lin and Michael D. Ernst},
   title = {Selecting Predicates for Implications in Program Analysis},
   month = {March~16,},
   year = {2002},
   note = {Draft.
	\url{http://pag.csail.mit.edu/~mernst/pubs/invariants-implications.ps}}
}

@inproceedings{581377,
 author = {Sudheendra Hangal and Monica S. Lam},
 title = {Tracking Down Software Bugs Using Automatic Anomaly Detection},
 booktitle = {ICSE '02: Proceedings of the 24th International Conference on Software Engineering},
 year = {2002},
 isbn = {1-58113-472-X},
 pages = {291--301},
 location = {Orlando, Florida},
 doi = {http://doi.acm.org/10.1145/581339.581377},
 publisher = {ACM Press},
 address = {New York, NY, USA},
 }
 
@article{MathWorld:BoolFuncs,
  author = {Eric W. Weisstein},
  title = {Boolean Function},
  month = dec # {20},
  year = 2006,
  journal = {MathWorld--A Wolfram Web Resource},
  note = {\url{http://mathworld.wolfram.com/BooleanFunction.html}}
}

@InProceedings{Lal:2006:POPAD,
  author =	 {Akash Lal and Junghee Lim and Marina Polishchuk and
                  Ben Liblit},
  title =	 {Path Optimization in Programs and its Application to
                  Debugging},
  booktitle =	 {15th European Symposium on Programming},
  editor =	 {Peter Sestoft},
  address =	 {Vienna, Austria},
  month =	 mar,
  year =	 2006,
  issn = {0302-9743},
  pages = {246--263},
  publisher =	 {Springer}
}

@inproceedings{257766,
 author = {Monica Hutchins and Herb Foster and Tarak Goradia and Thomas Ostrand},
 title = {Experiments of the Effectiveness of Dataflow- and Controlflow-based Test Adequacy Criteria},
 booktitle = {ICSE '94: Proceedings of the 16th International Conference on Software Engineering},
 year = {1994},
 isbn = {0-8186-5855-X},
 pages = {191--200},
 location = {Sorrento, Italy},
 publisher = {IEEE Computer Society Press},
 address = {Los Alamitos, CA, USA},
 }

@Article{Do05,
  author = "H. Do, S. Elbaum, G. Rothermel",
  title = "Supporting controlled experimentation with testing techniques:
           {A}n infrastructure and its potential impact",
  journal = "Empirical Software Engineering: {A}n International Journal",
  volume = 10,
  number = 4,
  pages = "405--435",
  year = 2005
}

@Misc{SAI,
  title =	 "Software-artifact Intrastructure Repository",
  author =	 {Gregg Rothermel and Sebastian Elbaum and Alex
                  Kinneer and Hyunsook Do},
  howpublished = "\url{http://sir.unl.edu/portal/}",
  year =	 2006,
  month =	 sep
}

@article{ jain99data,
    author = "A. K. Jain and M. N. Murty and P. J. Flynn",
    title = "Data Clustering: A Review",
    journal = "ACM Computing Surveys",
    volume = "31",
    number = "3",
    pages = "264--323",
    year = "1999",
    month = sep,
    url = "citeseer.ist.psu.edu/jain99data.html" 
}

@inproceedings{condor-hunter,
	author = "Michael Litzkow and Miron Livny and Matthew Mutka",
	title = "{C}ondor - A Hunter of Idle Workstations",
	booktitle = "Proceedings of the 8th International Conference of Distributed Computing Systems",
	month = "June",
	year = "1988",
        pages = "104--111",
}

@article{haran05TCEDS,
author = {Murali Haran and Alan Karr and Michael Last and Alessandro Orso and Adam A. Porter and Ashish Sanil and Sandro Fouch\'e},
title = {Techniques for Classifying Executions of Deployed Software to Support Software Engineering Tasks},
journal = {IEEE Transactions on Software Engineering},
volume = {33},
number = {5},
year = {2007},
issn = {0098-5589},
pages = {287-304},
doi = {http://doi.ieeecomputersociety.org/10.1109/TSE.2007.1004},
publisher = {IEEE Computer Society},
address = {Los Alamitos, CA, USA},
}

@inproceedings{1101949,
 author = {James A. Jones and Mary Jean Harrold},
 title = {Empirical evaluation of the tarantula automatic fault-localization technique},
 booktitle = {ASE '05: Proceedings of the 20th IEEE/ACM international Conference on Automated software engineering},
 year = {2005},
 isbn = {1-59593-993-4},
 pages = {273--282},
 location = {Long Beach, CA, USA},
 doi = {http://doi.acm.org/10.1145/1101908.1101949},
 publisher = {ACM Press},
 address = {New York, NY, USA},
 }