@InProceedings{Liblit:2005:SSBI,
  author =	 {Ben Liblit and Mayur Naik and Alice X. Zheng and
                  Alex Aiken and Michael I. Jordan},
  title =	 {Scalable Statistical Bug Isolation},
  crossref =	 {PLDI05},
  source =
                  {\url{http://www.cs.wisc.edu/~liblit/pldi-2005/pldi-2005.bib}}
}

@Proceedings{PLDI05,
  title =	 {Proceedings of the ACM SIGPLAN 2005 Conference on
                  Programming Language Design and Implementation},
  booktitle =	 {Proceedings of the ACM SIGPLAN 2005 Conference on
                  Programming Language Design and Implementation},
  year =	 2005,
  address =	 {Chicago, Illinois},
  month =	 jun # { 12--15},
  key =		 {ACM},
  c-organization ={ACM},
}

@PhdThesis{Liblit:2004:CBI,
  author =	 {Benjamin Robert Liblit},
  title =	 {Cooperative Bug Isolation},
  school =	 {University of California, Berkeley},
  year =	 2004,
  month =	 dec
}

@InProceedings{Zheng:2006:SDSIMB,
  author =	 {Alice X. Zheng and Michael I. Jordan and Ben Liblit
                  and Mayur Naik and Alex Aiken},
  title =	 {Statistical Debugging: Simultaneous Identification
                  of Multiple Bugs},
  booktitle =	 {Proceedings of the 23rd International Conference on Machine Learning},
  month =	 jun # { 26--29},
  year =	 2006,
  editor =	 {William Cohen and Andrew Moore},
  address =	 {Pittsburgh, Pennsylvania}
}

@inproceedings{1062522,
 author = {Holger Cleve and Andreas Zeller},
 title = {Locating causes of program failures},
 booktitle = {ICSE '05: Proceedings of the 27th international conference on Software engineering},
 year = {2005},
 isbn = {1-59593-963-2},
 pages = {342--351},
 location = {St. Louis, MO, USA},
 doi = {http://doi.acm.org/10.1145/1062455.1062522}},
 }
 
 @misc{ renieris03fault,
  author = "M. Renieris and S. Reiss",
  title = "Fault localization with nearest neighbor queries",
  text = "M. Renieris and S. Reiss. Fault localization with nearest neighbor queries.
    In Automated Software Engineering, 2003.",
  year = "2003",
  url = "citeseer.ist.psu.edu/renieris03fault.html" }
  
@article{ErnstPGMPTX2006,
   author = {Michael D. Ernst and Jeff H. Perkins and Philip J. Guo and
	Stephen McCamant and Carlos Pacheco and Matthew S. Tschantz and
	Chen Xiao},
   title = {The {Daikon} system for dynamic detection of likely invariants},
   journal = {Science of Computer Programming},
   year = {2006}
}

@inproceedings{1081753,
 author = {Chao Liu and Xifeng Yan and Long Fei and Jiawei Han and Samuel P. Midkiff},
 title = {SOBER: statistical model-based bug localization},
 booktitle = {ESEC/FSE-13: Proceedings of the 10th European software engineering conference held jointly with 13th ACM SIGSOFT international symposium on Foundations of software engineering},
 year = {2005},
 isbn = {1-59593-014-0},
 pages = {286--295},
 location = {Lisbon, Portugal},
 doi = {http://doi.acm.org/10.1145/1081706.1081753},
 publisher = {ACM Press},
 address = {New York, NY, USA},
 }
 
 @article{ErnstDRAFT,
   author = {Nii Dodoo and Alan Donovan and Lee Lin and Michael D. Ernst},
   title = {Selecting predicates for implications in program analysis},
   year = {2002},
   url = "pag.csail.mit.edu/~mernst/pubs/invariants-implications.ps",
   booktitle = {Draft}
}

@inproceedings{581377,
 author = {Sudheendra Hangal and Monica S. Lam},
 title = {Tracking down software bugs using automatic anomaly detection},
 booktitle = {ICSE '02: Proceedings of the 24th International Conference on Software Engineering},
 year = {2002},
 isbn = {1-58113-472-X},
 pages = {291--301},
 location = {Orlando, Florida},
 doi = {http://doi.acm.org/10.1145/581339.581377},
 publisher = {ACM Press},
 address = {New York, NY, USA},
 }
 
@article{MathWorld:BoolFuncs,
  author = {Weisstein, Eric W.},
  title = {Boolean Function http://mathworld.wolfram.com/ BooleanFunction.html},
  month = dec # {20},
  year = 2006,
  booktitle = {MathWorld--A Wolfram Web Resource},
  location = {http://mathworld.wolfram.com/BooleanFunction.html}
}

@InProceedings{Lal:2006:POPAD,
  author =	 {Akash Lal and Junghee Lim and Marina Polishchuk and
                  Ben Liblit},
  title =	 {Path Optimization in Programs and its Application to
                  Debugging},
  booktitle =	 {15th European Symposium on Programming},
  editor =	 {Peter Sestoft},
  address =	 {Vienna, Austria},
  month =	 mar,
  year =	 2006,
  publisher =	 {Springer}
}