@String{org-ACM     = "Association for Computing Machinery"}
@String{pub-ANSI     = "American National Standards Institute"}
@String{pub-ANSI:adr = "1430 Broadway, New York, NY 10018, USA"}
@String{pub-Springer = "Springer-Verlag"}
@String{ser-LNCS = "Lecture Notes in Computer Science"}

@String{TIC98 = "Proceedings of the Second International Workshop on
                 Types in Compilation (TIC'98)"}

%%%%%%%%%%%%%%%%%%%%%%%%%%%%%%%%%%%%%%%%%%%%%%%%%%%%%%%%%%%%%%%%%%%%%%%%

@Misc{Agarwal:1998:PCSEAGA,
  author =	 {Sharad Agarwal and Edward Chan and Ben Liblit and
                  Chang Lin},
  title =	 {{Processor Characteristic Selection for Embedded
                  Applications via Genetic Algorithms}},
  howpublished = {Available at \url{http://www.cs.berkeley.edu/~liblit/darwin/}},
  month =	 dec,
  year =	 1998,
  note =	 {CS252 semester project report.},
}

@Misc{Aiken:1998:BHP,
  author =	 {Alex Aiken},
  title =	 {The {\BANE} Home Page},
  howpublished =
                  {Available at \url{http://www.cs.berkeley.edu/Research/Aiken/bane.html}},
  month =	 aug # " 5",
  year =	 1998
}

@InProceedings{Aldrich:1999:SAEUSJP,
  author =	 {Jonathan Aldrich and Craig Chambers and Emin Gun
                  Sirer and Susan Eggers},
  title =	 {Static Analyses for Eliminating Unnecessary
                  Synchronization from {J}ava Programs},
  crossref =	 {SAS99},
  pages =	 {19--38}
}

@Article{Aldrich:2000:CSEJ,
  author =	 {Jonathan Aldrich and Emin G\"{u}n Sirer and Craig
                  Chambers and Susan J. Eggers},
  title =	 {Comprehensive Synchronization Elimination for
                  {Java}},
  journal =	 {Science of Computer Programming},
  year =	 {to appear},
  note =	 {Also published as University of Washington Technical
                  Report UW-CSE-00-10-01, October 2000}
}

@Manual{Appel:1994:LAGSML,
  title =	 {A lexical analyzer generator for {Standard ML}},
  author =	 {Andrew W. Appel and James S. Mattson and David
                  R. Tarditi},
  organization = {Department of Computer Science, Princeton
                  University},
  month =	 oct,
  year =	 1994,
  url =
                  {http://cm.bell-labs.com/cm/cs/what/smlnj/doc/ML-Lex/manual.html}
}

@TechReport{Arnold:2000:ACCTS,
  author =	 {Matthew Arnold and Peter F. Sweeney},
  title =	 {Approximating the Calling Context Tree via Sampling},
  institution =	 {IBM T.J. Watson Research Center},
  year =	 2000,
  type =	 {Research report},
  number =	 {RC 21789 (98099)},
  address =	 {Yorktown Heights, New York},
  month =	 jul # " 7"
}

@TechReport{Ball:1999:PFP,
  author =	 {Thomas Ball and James R. Larus},
  title =	 {Programs Follow Paths},
  institution =	 {Microsoft Research},
  year =	 1999,
  number =	 {MSR-TR-99-01},
  address =	 {Redmond, Washington},
  month =	 jan # " 6",
  note =	 {Also Bell Labs/Lucent Technical Report
                  BL0113590-990106-01}
}

@PhdThesis{Balls:1999:FDDDMULCSPE,
  author = 	 {Gregory Ted Balls},
  title = 	 {A Finite Difference Domain Decomposition Method Using Local Corrections for the Solution of Poisson's Equation},
  school = 	 {Department of Mechanical Engineering, University of California at Berkeley},
  year = 	 1999
}

@InProceedings{Booth:1997:WBtH,
  author =	 {Simon P. Booth and Simon B. Jones},
  title =	 {Walk backwards to happiness --- debugging by time
                  travel},
  booktitle =	 {3rd International Workshop on Automated Debugging},
  pages =	 {1--11},
  year =	 1997,
  address =	 {Link\"oping, Sweden},
  month =	 may # " 26--27",
  organization = {University of Link\"oping}
}

@InProceedings{Broadwell:2003:SSGSCI,
  author =	 {Pete Broadwell and Matt Harren and Naveen Sastry},
  title =	 {Scrash: A System for Generating Secure Crash
                  Information},
  crossref =	 {USENIX:2003},
  note =	 {To appear}
}

@TechReport{Brooks:1998:PCP,
  author = 	 {Brooks, III, Eugene D.},
  title = 	 {{PCP}: A Parallel Extension of {C} that is 99\% Fat Free},
  institution =  {Lawrence Livermore National Laboratory},
  year = 	 1988,
  number =	 {UCRL-99673},
  month =	 sep
}

@PhdThesis{Carlisle:1996:OPPWDDSDMM,
  author =	 {Martin Christopher Carlisle},
  title =	 {{Olden}: Parallelizing Programs with Dynamic Data
                  Structures on Distributed-Memory Machines},
  school =	 {Department of Computer Science, Princeton
                  University},
  year =	 1996,
  month =	 jun
}

@TechReport{Carlson:1999:UPC,
  author =	 {William W. Carlson and Jesse M. Draper and David
                  E. Culler and Kathy Yelick and Eugene Brooks and
                  Karen Warren},
  title =	 {Introduction to {UPC} and Language Specification},
  institution =	 {IDA Center for Computing Sciences},
  year =	 1999,
  number =	 {CCS-TR-99-157},
  month =	 may # " 13",
  annote =	 {\url{http://www.super.org/upc/}}
}

@InProceedings{Hirzel:2001:BT-FLOTP,
  author =	 {Martin Hirzel and Trishul Chilimbi},
  title =	 {Bursty Tracing: A Framework for Low-Overhead
                  Temporal Profiling},
  crossref =	 {FDDO01}
}

@Manual{Compaq:1997:VIA-Spec,
  title =	 {Virtual Interface Architecture Specification},
  author =	 {{Compaq Computer Corp.} and {Intel Corp.}
                  and {Microsoft Corp.}},
  month =	 dec # " 16",
  year =	 1997,
  note =	 {Version 1.0},
  url =		 {http://www.viarch.org/html/collateral/san_10.pdf}
}

@InProceedings{Culler:1997:PCBN,
  author =	 {David E. Culler and Anrea Arpaci-Dusseau and Remze
                  Arpaci-Dusseau and Brent Chun and Steven Lumetta and
                  Alan Mainwaring and Richard Martin and Chad
                  Yoshikawa and Frederick Wong},
  title =	 {Parallel Computing on the {Berkeley} {NOW}},
  crossref =	 {JSPP97}
}

@Manual{Culler:1996:ISC,
  title =	 {Introduction to {Split-C}},
  author =	 {David E. Culler and Andrea Dusseau and Seth Copen
                  Goldstein and Arvind Krishnamurthy and Steven
                  Lumetta and Steve Luna and Thorsten von~Eicken and
                  Katherine Yelick},
  organization = "Computer Science Division, Department of Electrical
                  Engineering and Computer Science, University of
                  California at Berkeley",
  note =	 {Version 1.0},
  month =	 apr,
  year =	 1996
}

@InProceedings{Das:01:EISPAO,
  author =	 {Manuvir Das and Ben Liblit and Manuel F\"ahndrich
                  and Jakob Rehof},
  title =	 {Estimating the Impact of Scalable Pointer Analysis
                  on Optimization},
  crossref =	 {SAS01}
}

@InProceedings{Demsky:RBEOOP:2002,
  author =	 {Brian Demsky and Martin C. Rinard},
  title =	 {Role-Based Exploration of Object-Oriented Programs},
  crossref =	 {ICSE2002}
}

@Article{Esler:2001:WVR,
  author =	 {David Esler},
  title =	 {Welcome to the Virtual Ramp},
  journal =	 {Overhaul \& Maintenance},
  year =	 2001,
  volume =	 {VII},
  number =	 2,
  pages =	 55,
  month =	 mar
}

@Misc{Foster:2001:cqual,
  author =	 {Jeff Foster},
  title =	 {\texttt{cqual}},
  howpublished = {Available at
                  \url{http://bane.cs.berkeley.edu/cqual}},
  month =	 nov,
  year =	 2001
}

@TechReport{Ernst:1999:DDPBPI,
  author =	 {Michael D. Ernst and Yoshio Kataoka and William
                  G. Griswold and David Notkin},
  title =	 {Dynamically Discovering Pointer-Based Program
                  Invariants},
  institution =	 {Department of Computer Science and Engineering,
                  University of Washington},
  year =	 1999,
  number =	 {UW-CSE-99-11-02},
  month =	 nov # " 16"
}

@Article{Golub:MCC:1999,
  author =	 {T. R. Golub and D. K. Slonim and P. Tamayo and
                  C. Huard and M. Gaasenbeek and J. P. Mesirov and
                  H. Coller and M. L. Loh and J. R. Downing and
                  M. A. Caligiuri and C. D. Bloomfield and
                  E. S. Lander},
  title =	 {Molecular classification of cancer: class discovery
                  and class prediction by gene expression monitoring},
  journal =	 {Science},
  year =	 1999,
  volume =	 286,
  number =	 5439,
  pages =	 {531--537}
}

@Book{Gosling:JLS-96,
  author =	 {James Gosling and Bill Joy and Guy Steele},
  title =	 {The {Java}\texttrademark{} Language Specification},
  edition =	 {First},
  isbn =	 {0-201-63451-1},
  url =		 {http://java.sun.com/docs/books/jls/index.html},
  crossref =	 {Friendly:JS-96},
  editor =	 {}
}

@Book{Gosling:JLS-00,
  author =	 {James Gosling and Bill Joy and Guy Steele and Gilad
                  Bracha},
  title =	 {The {Java}\texttrademark{} Language Specification},
  edition =	 {Second},
  isbn =	 {0-201-31008-21},
  url =		 {http://java.sun.com/docs/books/jls/index.html},
  crossref =	 {Friendly:JS-96},
  year =	 2000,
  editor =	 {}
}

@Misc{He:1999:TITWP,
  author = 	 {Yun He and Ben Liblit and Chang Lin},
  title = 	 {{$\mathcal{T}i$-PETSc}: Integrating {Titanium} with {PETSc}},
  howpublished = 	 {Available at \url{http://www.cs.berkeley.edu/~liblit/ti-petsc/}},
  month = 	 may # " 18",
  year =	 1999,
  note =	 {CS267 semester project report.}
}

@Article{Hendren:1997:CCEMA,
  author = 	 {Laurie J. Hendren and Xinan Tang and Yingchun Zhu and Shereen Ghobrial and Guang R. Gao and Xun Xue and Haying Cai and Pierre Ouellet},
  title = 	 {Compiling {C} for the {EARTH} Multithreaded Architecture},
  journal = 	 {International Journal of Parallel Programming},
  year = 	 1997,
  volume =	 25,
  number =	 4,
  pages =	 {305--338},
  month =	 aug
}

@Misc{Hilfinger:1998:TLWS,
  author =	 {Paul N. Hilfinger},
  title =	 {{Titanium} Language Working Sketch},
  howpublished = {Available at
                  \url{http://www.cs.berkeley.edu/Research/Projects/titanium/lang-ref.ps}},
  month =	 jul # " 23",
  year =	 1998
}

@Manual{Hilfinger:14-June-1999:TLWS,
  author =	 {Paul N. Hilfinger},
  title =	 {{Titanium} Language Working Sketch},
  note =	 {Draft version 0.22w},
  month =	 jun # " 14",
  year =	 1999
}

@Manual{Hilfinger:10-March-2000:TLWS,
  author =	 {Paul N. Hilfinger},
  title =	 {{Titanium} Language Working Sketch},
  note =	 {Draft version 0.24},
  month =	 mar # " 10",
  year =	 2000
}

@Manual{Hilfinger:2-April-2001:TLWS,
  author =	 {Paul N. Hilfinger},
  title =	 {{Titanium} Language Working Sketch},
  note =	 {Draft version 0.26},
  month =	 apr # " 2",
  year =	 2001
}

@TechReport{Huelsbergen:1996:PCISMLNG,
  author =	 {Lorenz Huelsbergen},
  title =	 {A Portable {C} Interface for {Standard} {ML} of
                  {New} {Jersey}},
  institution =	 {AT\&T Bell Laboratories},
  year =	 1996,
  address =	 {Room 2C-307, 600 Mountain Ave., Morray Hill, NJ
                  07974},
  month =	 jan # " 15",
  phone =	 {+1 (908) 582-4628}
}

@Book{Intel:2001:IA-32:BA,
  author =	 {{Intel Corp.}},
  title =	 {Basic Architecture},
  publisher =	 {Intel Corp.},
  volume =	 1,
  year =	 2001,
  series =	 {{IA-32} {Intel} Architecture Software Developer's
                  Manual},
  address =	 {Mt. Prospect, Illinois}
}

@Book{Intel:2001:IA-32:SPG,
  author =	 {{Intel Corp.}},
  title =	 {System Programming Guide},
  publisher =	 {Intel Corp.},
  volume =	 3,
  year =	 2001,
  series =	 {{IA-32} {Intel} Architecture Software Developer's
                  Manual},
  address =	 {Mt. Prospect, Illinois}
}

@Manual{ISO:1997:PLCxx,
  title =	 "ISO/IEC FDIS 14882 -- Programming Languages -- C++",
  year =	 1997,
  month =	 dec,
  organization = pub-ANSI,
  address =	 pub-ANSI:adr
}

@Unpublished{Krishnamurthy:AOSASP-95,
  author =	 {Arvind Krishnamurthy},
  title =	 {Analyses and Optimizations for Shared Address Space
                  Programs},
  note =	 {Ph.D. qualifying examination talk},
  month =	 nov,
  year =	 1995
}

@Misc{Kubiatowicz:OceanStore,
  author =	 {John Kubiatowicz},
  title =	 {{The} {OceanStore} {Project}},
  howpublished =
                  {\url{http://oceanstore.cs.berkeley.edu/}}
}

@Misc{Larus:MSR-PPRC,
  author =	 {James Larus},
  title =	 {{Programmer} {Productivity} {Research} {Center}},
  howpublished =
                  {\url{http://research.microsoft.com/pprc/}}
}

@Misc{Liblit:CBIP,
  author =	 {Ben Liblit},
  title =	 {The {Cooperative} {Bug} {Isolation} {Project}},
  howpublished = {\url{http://www.cs.berkeley.edu/~liblit/sampler/}}
}

@Misc{Liblit:1993:Siva,
  author =	 {Benjamin R. Liblit},
  title =	 {Transformation of {Prolog} Programs to Perform
                  Update in Place: A Prototype Code Synthesizer},
  school =	 {Department of Computer Science, The Pennsylvania
                  State University},
  month =	 apr # " 30",
  year =	 1993,
  howpublished = {Available at
                  \url{http://www.cs.berkeley.edu/~liblit/siva/}},
  note =	 {Undergraduate honors thesis}
}

@Misc{Liblit:1998:LQIT,
  author =	 {Ben Liblit},
  title =	 {Local Qualification Inference for {Titanium}},
  howpublished =
                  {Available at \url{http://www.cs.berkeley.edu/~liblit/local/}},
  month =	 aug # " 26",
  year =	 1998,
  note =	 {CS263/CS265 semester project report.}
}

@MastersThesis{Liblit:MS:TSDDS,
  author =	 {Ben Liblit},
  title =	 {Type Systems for Distributed Data Structures},
  school =	 {Department of Electrical Engineering and Computer
                  Science, University of California at Berkeley},
  year =	 2000,
  month =	 apr
}

@Misc{Liblit:2001:SCCPRNCP,
  author =	 {Ben Liblit},
  title =	 {Speaking in Code: Cognitive Perspectives on the Role
                  of Naming in Computer Programs},
  howpublished = {Available at
                  \url{http://www.cs.berkeley.edu/~liblit/naming/}},
  month =	 may # " 8",
  year =	 2001,
  note =	 {CogSci 201 term paper.}
}

@InProceedings{Liblit:2003:SUEBI,
  author =	 {Ben Liblit and Alex Aiken and Alice X. Zheng and
                  Michael I. Jordan},
  title =	 {Sampling User Executions for Bug Isolation},
  crossref =	 {RAMSS},
  pages =	 {5--8}
}

@Misc{Liblit:2004:BIPME,
  author =	 {Ben Liblit and Mayur Naik and Alice X. Zheng and
                  Alex Aiken and Michael I. Jordan},
  title =	 {Bug Isolation in the Presence of Multiple Errors},
  note =	 {In submission},
  howpublished = {Available at
                  \url{http://www.cs.berkeley.edu/~liblit/multiple-isolation/}},
  month =	 nov,
  year =	 2003
}

@InProceedings{Liblit:2003:TSDDS,
  author =	 {Ben Liblit and Alex Aiken and Katherine Yelick},
  title =	 {Type Systems for Distributed Data Sharing},
  crossref =	 {SAS03}
}

@Article{Markoff:2002:MRPACC,
  author =	 {John Markoff},
  title =	 {Microsoft Reports Progress in Averting Computer
                  Crashes},
  journal =	 {The New York Times},
  year =	 2002,
  pages =	 {C.7},
  month =	 oct # { 3}
}

@Booklet{Microsoft:2002:AR-F10K,
  title =	 {Microsoft 2002 Annual Report and Form {10-K}},
  author =	 {{Microsoft Corp.}},
  howpublished = {Available at
                  \url{http://www.microsoft.com/msft/ar02/}},
  address =	 {Redmond, Washington},
  year =	 2002
}

@Manual{MIT-STG:2000:Cilk,
  title = 	 {Cilk 5.3.1 Reference Manual},
  organization = {Supercomputing Technologies Group},
  address =	 {MIT Laboratory for Computer Science},
  month =	 jun # " 24",
  year =	 2000
}

@Misc{Miyamoto:1997:TETCN,
  author =	 {Carleton Miyamoto and Ben Liblit},
  title =	 {{Themis}: Enforcing {Titanium} Consistency on the {NOW}},
  howpublished =
                  {Available at \url{http://www.cs.berkeley.edu/~liblit/themis/}},
  month =	 dec,
  year =	 1997,
  note =	 {CS262 semester project report.}
}

@Misc{Miyamoto:1998:DDRCTSL,
  author =	 {Carleton Miyamoto},
  title =	 {Detecting Data Race Conditions in {Titanium}, an {SPMD} Language},
  month =	 dec # " 11",
  year =	 1998,
  note =	 {CS264 semester project report.}
}

@Misc{Mozilla:1-4-2003:crash-data,
  author =	 {Mozilla.org},
  title =	 {Mozilla {Talkback} crash data},
  howpublished = {\url{ftp://ftp.mozilla.org/pub/data/crash-data/}},
  month =	 apr # " 1",
  year =	 2003
}

@Manual{Myricom:2000:GMMPS,
  title =	 {The {GM} Message Passing System},
  author =	 {{Myricom Inc.}},
  month =	 jul # " 18",
  year =	 2000,
  note =	 {Version 1.1},
  url =		 {http://www.myricom.com/scs/GM/doc/gm.pdf}
}

@Manual{OMG:formal/99-10-07,
  title = 	 {The Common Object Request Broker: Architecture and Specification},
  organization = {The Object Management Group},
  address =	 {Framingham, Massachusetts},
  note =	 {Revision 2.3.1},
  month =	 oct,
  year =	 1999
}

@Article{Peskin:1989:3D-Heart-I,
  author =	 {Charles S. Peskin and David M. McQueen},
  title =	 {A three-dimensional computational method for blood
                  flow in the heart. {I}. {Immersed} elastic fibers in a
                  viscous incompressible fluid},
  journal =	 {Journal of Computational Physics},
  year =	 1989,
  volume =	 81,
  number =	 2,
  pages =	 {372--405},
  month =	 apr
}

@InProceedings{Pike:1999:P3DAMRT,
  author =	 {Geoff Pike and Luigi Semenzato and Phillip Colella
                  and Paul N. Hilfinger},
  title =	 {Parallel {3D} Adaptive Mesh Refinement in {Titanium}},
  booktitle =	 {Proceedings of the Ninth SIAM Conference on Parallel
                  Processing for Scientific Computing},
  year =	 1999,
  address =	 {San Antonio, Texas},
  month =	 mar
}

@Misc{SPEC95,
  author =	 {{SPEC 95}},
  title =	 {{Standard Performance Evaluation Corporation Benchmarks}},
  howpublished = {\url{http://www.spec.org/osg/cpu95/CINT95/}},
  month =	 jul,
  year =	 1995
}

@Manual{Tarditi:1994:MLYUM,
  title =	 {{ML-Yacc} User's Manual},
  author =	 {David R. Tarditi and Andrew W. Appel},
  organization = {Department of Computer Science, Princeton
                  University},
  month =	 oct # " 6",
  year =	 1994,
  url =
                  {http://cm.bell-labs.com/cm/cs/what/smlnj/doc/ML-Yacc/manual.html}
}

@TechReport{Traub:200:EILPP,
  author =	 {Omri Traub and Stuart Schechter and Michael
                  D. Smith},
  title =	 {Ephemeral Instrumentation for Lightweight Program
                  Profiling},
  institution =	 {Department of Electrical Engineering and Computer
                  Science, Hardward University},
  year =	 2000,
  type =	 {Unpublished technical report},
  address =	 {Cambridge, Massachusetts},
  month =	 jun
}

@Book{Weaver:2000:SAMv9,
  editor =	 {David L. Weaver and Tom Germond},
  title =	 {The {SPARC} Architecture Manual, version 9},
  publisher =	 {PTR Prentice Hall},
  year =	 2000,
  address =	 {Englewood Cliffs, New Jersey},
  organization = {SPARC International, Inc., Santa Clara, California}
}

@TechReport{UCB//CSD-01-1163,
  author =	 {Paul N. Hilfinger and Dan Bonachea and David Gay and
                  Susan Graham and Ben Liblit and Katherine Yelick},
  title =	 {{Titanium} Language Reference Manual},
  institution =	 {University of California, Berkeley},
  number =	 {CSD-01-1163},
  month =	 nov,
  year =	 2001
}

@TechReport{UCB//CSD-01-1165,
  author =	 {Ben Liblit and Alex Aiken and Katherine Yelick},
  title =	 {Data Sharing Analysis for {Titanium}},
  institution =	 {University of California, Berkeley},
  number =	 {CSD-01-1165},
  month =	 nov,
  year =	 2001,
  note =	 {Available at
                  \url{http://sunsite.berkeley.edu/TechRepPages/CSD-01-1165}}
}

@TechReport{UCB//CSD-02-1203,
  author =	 {Ben Liblit and Alex Aiken},
  title =	 {Building a Better Backtrace: Techniques for
                  Postmortem Program Analysis},
  institution =	 {University of California, Berkeley},
  number =	 {CSD-02-1203},
  month =	 oct,
  year =	 2002
}

@Unpublished{Yelick:PSCMC-97,
  author =	 {Kathy Yelick and David Culler and Jim Demmel},
  title =	 {Programming Support for Clusters of
                  Multiprocessors ({CLUMPs})},
  note =	 {Talk presented at Lawrence Livermore National
                  Laboratories},
  month =	 mar,
  year =	 1997
}

@InProceedings{Zheng:2003:SDSP,
  author =	 {Alice X. Zheng and Michael I. Jordan and Ben Liblit
                  and Alex Aiken},
  title =	 {Statistical Debugging of Sampled Programs},
  crossref =	 {NIPS2003}
}

%%%%%%%%%%%%%%%%%%%%%%%%%%%%%%%%%%%%%%%%%%%%%%%%%%%%%%%%%%%%%%%%%%%%%%%%

@Proceedings{FDDO01,
  title =	 {4th ACM Workshop on Feedback-Directed and Dynamic
                  Optimization},
  booktitle =	 {4th ACM Workshop on Feedback-Directed and Dynamic
                  Optimization},
  year =	 2001,
  address =	 {Austin, Texas},
  month =	 dec # { 1},
}

@Book{Friendly:JS-96,
  editor =	 {Lisa Friendly},
  publisher =	 {Addison-Wesley},
  year =	 1996,
  series =	 {The {Java}\texttrademark{} Series},
  address =	 {Menlo Park, California}
}

@Proceedings{JSPP97,
  title =	 {9th Joint Symposium on Parallel Processing},
  booktitle =	 {9th Joint Symposium on Parallel Processing},
  year =	 1997,
  address =	 {Kobe, Japan}
}

@Proceedings{ICSE2002,
  title =	 {Proceedings of the International Conference on
                  Software Engineering},
  year =	 2002,
  booktitle =	 {Proceedings of the International Conference on
                  Software Engineering},
  month =	 may,
  address =	 {Buenos Aires, Argentina},
  organization = org-ACM
}

@Proceedings{NIPS2003,
  title =	 {Advances in Neural Information Processing Systems
                  17},
  booktitle =	 {Advances in Neural Information Processing Systems
                  17},
  year =	 2003,
  address =	 {Vancouver and Whistler, British Colombia, Canada},
  month =	 dec # { 9--11}
}

@Proceedings{RAMSS,
  title =	 {Proceedings of the Workshop on Remote Analysis and
                  Measurement of Software Systems},
  booktitle =	 {Proceedings of the Workshop on Remote Analysis and
                  Measurement of Software Systems},
  year =	 2003,
  address =	 {Portland, Oregon},
  month =	 may # { 9},
}

@Proceedings{SAS99,
  title =	 {SAS '99: The 6th International Static Analysis
                  Symposium},
  booktitle =	 {SAS '99: The 6th International Static Analysis
                  Symposium},
  year =	 2001,
  series =	 ser-LNCS,
  address =	 {Venice, Italy},
  month =	 sep # " 22--24",
  publisher =	 pub-Springer
}

@Proceedings{SAS01,
  title =	 {SAS '01: The 8th International Static Analysis
                  Symposium},
  booktitle =	 {SAS '01: The 8th International Static Analysis
                  Symposium},
  year =	 2001,
  series =	 ser-LNCS,
  address =	 {Paris, France},
  month =	 jul # " 16--18",
  publisher =	 pub-Springer
}

@Proceedings{SAS03,
  title =	 {SAS '03: The 10th International Static Analysis
                  Symposium},
  booktitle =	 {SAS '03: The 10th International Static Analysis
                  Symposium},
  year =	 2003,
  series =	 ser-LNCS,
  address =	 {San Diego, California},
  month =	 jun # " 11--13",
  publisher =	 pub-Springer
}

@Proceedings{USENIX:2003,
  title =	 {Proceedings of the 11th USENIX Security Symposium},
  booktitle =	 {Proceedings of the 11th USENIX Security Symposium},
  year =	 2003,
  address =	 {Washington, DC},
  month =	 aug # " 4--8"
}

