@InProceedings{Elbaum:2003:DISATA,
  author = 	 {Sebastian Elbaum and Madeline Hardojo},
  title = 	 {Deploying Instrumented Software to Assist the Testing Activity},
  crossref =	 {RAMSS:2003},
  pages =	 {31--33}
}

@InProceedings{Gross:2003:PSMUST,
  author = 	 {Kenny C. Gross and Scott McMaster and Adam Porter and Aleskey Urmanov and Lawrence G. Votta},
  title = 	 {Proactive System Maintenance Using Software Telemetry},
  crossref =	 {RAMSS:2003},
  pages =	 {24--26}
}


%%%%%%%%%%%%%%%%%%%%%%%%%%%%%%%%%%%%%%%%%%%%%%%%%%%%%%%%%%%%%%%%%%%%%%%%


@Proceedings{RAMSS:2003,
  key =		 {RAMSS 2003},
  title =	 {RAMSS '03: The 1st International Workshop on Remote
                  Analysis and Measurement of Software Systems},
  year =	 2003,
  booktitle =	 {RAMSS '03: The 1st International Workshop on Remote
                  Analysis and Measurement of Software Systems},
  month =	 may
}

