@InProceedings{Orso:2003:LFDIART,
  author =	 {Alessandro Orso and Taweesup Apiwattanapong and Mary
                  Jean Harrold},
  title =	 {Leveraging field data for impact analysis and
                  regression testing},
  booktitle =	 {Proceedings of the 9th European software engineering
                  conference held jointly with 11th ACM SIGSOFT
                  international symposium on Foundations of software
                  engineering},
  year =	 2003,
  isbn =	 {1-58113-743-5},
  pages =	 {128--137},
  location =	 {Helsinki, Finland},
  doi =		 {http://doi.acm.org/10.1145/940071.940089},
  publisher =	 {ACM Press},
}

@Book{Lehmann:1986:hyptest,
  author = {E.L. Lehmann},
  title = {Testing Statistical Hypotheses},
  publisher = {John Wiley \& Sons},
  edition = {2nd},
  year = {1986}
}

@Book{Lehmann:2003:theory,
  author = {E.L. Lehmann and George Casella},
  title = {Theory of Point Estimation},
  publisher = {Springer},
  edition = {2nd},
  year = 2003
}

@InProceedings{Liblit:2004:PDCBI,
  author =	 {Ben Liblit and Mayur Naik and Alice X. Zheng and
                  Alex Aiken and Michael I. Jordan},
  title =	 {Public Deployment of Cooperative Bug Isolation},
  crossref =	 {RAMSS-2004},
  pages =	 {57--62}
}


%%%%%%%%%%%%%%%%%%%%%%%%%%%%%%%%%%%%%%%%%%%%%%%%%%%%%%%%%%%%%%%%%%%%%%%%


@Proceedings{RAMSS-2004,
  title =	 {Proceedings of the Second International Workshop on
                  Remote Analysis and Measurement of Software Systems
                  (RAMSS '04)},
  booktitle =	 {Proceedings of the Second International Workshop on
                  Remote Analysis and Measurement of Software Systems
                  (RAMSS '04)},
  year =	 2004,
  address =	 {Edinburgh, Scotland},
  month =	 may # { 24}
}
